@misc{llvm_name,
   author = {Chris Lattner},
   title = {The name of LLVM},
   YEAR=2011,
   howpublished = "\url{http://lists.cs.uiuc.edu/pipermail/llvmdev/2011-December/046440.html}"
}

@misc{android_top,
   author = {Tarmo Virki},
   title = {Google topples {Nokia} from smartphones top spot},
   YEAR=2011,
   howpublished = "\url{http://uk.reuters.com/article/2011/01/31/oukin-uk-google-nokia-idUKTRE70U1YT20110131}"
}

@misc{oha_members,
   author = {Tarmo Virki},
   title = {Google topples {Nokia} from smartphones top spot},
   YEAR=2011,
   howpublished = "\url{http://www.openhandsetalliance.com/oha_members.html}"
}

@misc{android_sold,
   author = {Open {Handset} {Alliance}},
   title = {Members},
   YEAR=2012,
   howpublished = "\url{https://plus.google.com/u/0/112599748506977857728/posts/Btey7rJBaLF}"
}

@misc{android_22,
   author = {The Android Open Source Project},
   title = {A {JIT} {Compiler} for {Android}'s {Dalvik} {VM}},
   YEAR=2010,
   howpublished = "\url{http://www.google.com/events/io/2010/sessions/jit-compiler-androids-dalvik-vm.html}"
}

@misc{dalvik_int,
   author = {Dan Bornstein},
   title = {{Dalvik} {VM} {Internals}},
   YEAR=2008,
   howpublished = "\url{https://sites.google.com/site/io/dalvik-vm-internals/}"
}

@misc{dvk_bytecode,
   author = {The Android Open Source Project},
   title = {Bytecode for the Dalvik VM},
   YEAR=2007,
   howpublished = "\url{http://www.milk.com/kodebase/dalvik-docs-mirror/docs/dalvik-bytecode.html/}"
}

@misc{dvk_opcodes,
   author = {The Android Open Source Project},
   title = {Dalvik VM Instruction Formats},
   YEAR=2007,
   howpublished = "\url{http://www.milk.com/kodebase/dalvik-docs-mirror/docs/instruction-formats.html/}"
}

@misc{dedexer,
   author = {G. Paller},
   title = {Dedexer},
   howpublished = "\url{http://dedexer.sourceforge.net/}"
}

@misc{jasmin,
   author = {J. Meyer, D. Reynaud and I. Kharon},
   title = {Jasmin},
   howpublished = "\url{http://jasmin.sourceforge.net/}"
}

@article{vmshowdown,
    AUTHOR="Y. Shi, D. Gregg and A. Beatty",
    TITLE="Virtual {Machine} {Showdown}, {Stack} versus {Registers}",
    YEAR=2005,
    NOTE = "\url{http://static.usenix.org/events/vee05/full\_papers/p153-yunhe.pdf}"
}

@article{chaitin82,
    AUTHOR="G. J. Chaitin",
    TITLE="Register Allocation & Spilling Via Graph Coloring",
    YEAR=1982,
    NOTE = "\url{http://web.eecs.umich.edu/~mahlke/courses/583f11/reading/chaitin82.pdf}"
}
